%% NOTA: em vez de usar as letras e vogais com acento ou sinais gr\'aficos (como o c cedilhado -- \c c), algo normal agora no texto em LaTeX, use aqui suas formas no padrão LaTeX, p. ex.:
%% \'a = a agudo (mesmo para outras vogais)
%% \^a = a circunflexo  
%% \`a = a craseado
%% \"a = a tremado
%% {\c c} = c cedilhado
%% Isto ainda é necessário para evitar inconsistências na geração da lista de referências bibliográficas.

@string{cs =      "Complex Systems"}
@string{pl =      "Physics Letters"}
@string{prl =     "Physical Review Letters"}
@string{pra =     "Physical Review A"}
@string{pla =     "Physics Letters A"}
@string{pre =     "Physical Review E"}
@string{pd =      "Physica D"}
@string{jcsc =    "Journal of Circuits, Systems and Computers"}
@string{jsv =     "Journal of Sound and Vibration"}
@string{ijbc =    "International Journal of Bifurcation and Chaos"}
@string{ijc =     "International Journal of Control"}
@string{ieeecas = "IEEE Transactions on Circuits and Systems"}
@string{jrssb =   "Journal of the Royal Statistical Society B"}
@string{n =       "Nature"}
@string{zn =      "Z. Naturforsch"}
@string{jfi =     "Zeitschrift fuer Naturforschung A"}


@BOOK{Aguirre2007,
author              = {Aguirre, L. A.},
title               = {Introdução à Identificação de Sistemas},
subtitle            = {Técnicas Lineares e Não-Lineares Aplicadas a Sistemas Reais},
year                = {2007},
note                = { },
publisher           = {UFMG},
address             = {Belo Horizonte}
}

@BOOK{SODERSTROM1989,
author              = {Söderstrom, T. and Stoica, P},
title               = {System Identification},
subtitle            = {},
year                = {1989},
note                = { },
publisher           = {Prentice Hall},
address             = {Cambridge}
}

@INPROCEEDINGS{CavacoBarros2005,
author              = {Cavaco, P. C. C. and Barros, A. B.},
title               = {Gestão de Efluentes e Recursos Hídricos em Campos de Produção de Petróleo Terrestres},
subtitle            = {},
booktitle  					= {Simpósio de Excelência em Gestão e Tecnologia - SEGeT},
year 		      			= {2005},
address   		 			= {Rio de Janeiro}  
}

@BOOK{Thomas2001,
author              = {Thomas, J. E.},
title               = {Fundamentos de Engenharia de Petróleo},
subtitle            = {},
year                = {2001},
publisher           = {Interciência},
address             = {Rio de Janeiro}
}

@THESIS{Teixeira2010,
  address  					= {São Cristóvão},
  author  					= {Teixeira, I.T.A}, 
  pages  						= {125},
  school  					= {Universidade Federal de Sergipe (UFS)},
  title  						= {Controle de oscilações em sistemas de elevação artificial de petróleo por injeção contínua de gás (gas-lift)},
  type  						= {Monografia (Engenharia El\'etrica)},
  year  						= {2010}
}

@THESIS{Silveira2006,
  author 						= {Silveira, M. A. C. R.},
  title 						= {Controle de um processo de tratamento primário de petróleo}, 
  year 							= {2006},
  pages							= {96},
  school 						= {Universidade Federal do Rio de Janeiro, COPPE},
  type 							= {Dissertação (Mestrado em Engenharia Química)},
  address 					= {Rio de Janeiro}
}

@THESIS{Pinto2009,
	author 						= {Pinto, D. D. D.},		
	title 						= {Estratégias de controle contra intermitência severa na alimentação de separadores \textit{offshore}},
  year 							= {2009}, 
  pages 						= {193},
  school 						= {Universidade Federal do Rio de Janeiro, TPQBq - EQ},
  type 							= {Dissertação (Mestrado em Engenharia Química)},
  address 					= {Rio de Janeiro}
}

@BOOK{Oliveira2000,
author              = {Oliveira, R. C. G. and Oliveira, M. C. K.},
title               = {Remoção de contaminantes tóxicos dos efluentes líquidos oriundos da atividade de produção de petróleo no mar},
subtitle            = {},
year                = {2008},
publisher           = {Petrobrás},
address             = {Rio de Janeiro}
}

@BOOK{Moura2007,
   author     = {Moura, P. A. P.},
   title      = {Responsabilidade civil por danos ambientais na indústria do petróleo},
   subtitle	  = {},
   year       = {2007},
   publisher  = {E-pappers},
   address    = {Rio de Janeiro}  
}

@BOOK{Machado2004,
   author     = {Machado, C. J. S.},
   title      = {Meandros do meio ambiente},
   subtitle	  = {Os recursos hídricos no direito, na política, nos centros urbanos e na agricultura},
   year       = {2004},
   publisher  = {E-pappers},
   address    = {Rio de Janeiro} 
}

@MISC{ONU2010,
   organization  = {OrganizaÇÃo das NaÇÕes Unidas (ONU)},
   title 				 = {O movimento GAIA},  
   subtitle	  	 = {2005-2015 - A década da ONU Água para a vida},
   year 				 = {2005},
   url 					 = { www.gaiamovement.org/files/newsletter\%20Mar\%2005\%20Port\%20Small.pdf },
   urlaccessdate = { 27 de janeiro 2010 }
}

@BOOK{Vonsperling2005,
   author     = {Von Sperling, M.},
   title      = {Introdução à qualidade das águas e ao tratamento de esgotos},
   subtitle	  = {},
   year       = {2005},
   publisher  = {UFMG},
   address    = {Belo Horizonte}  
}

@BOOK{DowborTagnin2005,
   author     = {Dowbor, L. and Tagnin, R. A.(Org.)},
   title      = {Administrando a água como se fosse importante},
   subtitle	  = {Gestão ambiental e sustentabilidade},
   year       = {2005},
   publisher  = {Senac},
   address    = {São Paulo}  
}

@THESIS{Mariano2001,
  address = {Rio de Janeiro},
  author = {Mariano, J. B.}, 
  pages = {289},
  school = {COOPE/UFRJ},
  title = {Impactos ambientais do refino de petróleo},
  type = {Tese},
  year = {2001}
}

@THESIS{Fernandes2002,
  address = {Natal},
  author = {{Fernandes J\'unior}, W. E.}, 
  pages = {125},
  school = {UFRN},
  title = {Planejamento experimental aplicado a um novo separador líquido-líquido utilizado no tratamento de águas residuais contaminadas com petróleo},
  type = {Dissertação (Mestrado em Engenharia Química)},
  year = {2002}
}

@BOOK{MedeirosVicente2010,
author              = {Medeiros, E. F. and Vicente, M. A. and Scheneider},
title               = {Implantação do programa de gerenciamento de resíduos químicos (PGRQ) produzidos nas atividades de ensino e resumo especialista em engenharia do meio ambiente},
subtitle            = {},
year                = {2010},
publisher           = {Petrobras - CENPES},
address             = {Rio de Janeiro}
}


@MANUAL{Silva2000,
  title = {Medição de vazão e propriedades em escoamento multifásico},
  organization = {Petrobras},
  address = {Rio de Janeiro},
  month = {january},
  year = {2000},
  pages = {43},
  subtitle = {Solução econômica para diferentes atividades industriais}
}

@ARTICLE{BehinAghajari2008,
author 		= {Behin, J. and Aghajari, M.},
title		  = {Influence of Water Level on Oil-Water Separation by Residence Time Distribution Curves Investigations, Separation and Purification Technology},
journal 	= {Separation and purification technology},
year 			= {2008},
volume 		= {64},
pages 		= {48-55}
}

@THESIS{Filgueiras2005,
  address = {Rio de Janeiro},
  author = {Filgueiras, N. G. T.}, 
  pages = {86},
  school = {UFRJ},
  title = {Modelagem, análise e controle de um processo de separação óleo/água},
  type = {Dissertação (Mestrado em Engenharia Química)},
  year = {2005}
}

@THESIS{Nunes1994,
  address = {Rio de Janeiro},
  author = {Nunes, G. C.}, 
  pages = {},
  school = {UFRJ},
  title = {Modelagem e simulação dinâmica de separador trifásico água-óleo-gás},
  type = {Dissertação},
  year = {1994}
}

@THESIS{NUNES2001,
  
  author = {Nunes, G. C.}, 
  pages = {},
  school = {University of Florida},
  title = {Design and Analysis of Multivariable Predictive Control Applied to an Oil-Water-Gas Separator},
  type = {Ph.D. Thesis},
  address = {Florida, USA},
  year = {2001}
}

@INPROCEEDINGS{Lima2005,
   author     = {Lima, L. E. and Filgueiras, N. T. and Silva, C. M. and Nunes, G. C.},
   title      = {Studies for the control of an oil/water separation system},
   booktitle  = {Proceedings of the 2nd Mercosur Congress on Chemical Engineering and 4th Mercosur Congress on Process System Engineering (ENPROMER 2005)},
   year       = {2005},
   address    = {Rio de Janeiro , Brasil}  
}

@THESIS{Correa2008,
  address = {Rio de Janeiro},
  author = {{Correa J\'unior}, C. A.}, 
  pages = {},
  school = {UERJ},
  title = {Desenvolvimento de modelo computacional de previsão de quebra de gotas em simulador de separação de óleo e água em um hidrociclone},
  type = {Dissertação},
  year = {2008}
}

@THESIS{Moraes1994,
  address = {Rio de Janeiro},
  author = {Moraes, C. A. C.}, 
  pages = {},
  school = {COPPE/UFRJ},
  title = {Modelo fluidodinâmico para estimativa da eficiência em hidrociclone para águas oleosas},
  type = {Dissertação},
  year = {1994}
}

@INPROCEEDINGS{Zadeh1962,
author              = {Zadeh, L.A.},
title               = {From circuit theory to system theory},
subtitle            = {},
booktitle  					= {IRE},
year 		      			= {1962},
address   		 			= {University of California},  
publisher  					= {Berkeley, California},
volume 							= {50},
pages 							= {1856--865}
}

@BOOK{Verhaegen2007,
author              = {Verhaegen, M. and Verdult, V.},
title               = {Filtering and System Identification},
subtitle            = {A Least Squares Approach},
year                = {2007},
publisher           = {Cambridge University Press},
address             = {Cambridge}
}

@BOOK{Isermann2011,
author              = {Isermann, R. and Munchhof, M.},
title               = {Identification of Dynamic Systems},
subtitle            = {An Introduction with Applications},
year                = {2011},
publisher           = {Springer},
address             = {Berlin}
}

@THESIS{Gomes2009,
  address = {Aracaju},
  author = {Gomes, C. F.}, 
  pages = {},
  school = {Universidade Federal de Sergipe},
  title = {Re-identificação em malha fechada de uma planta de separação de gás usando controle MPC},
  type = {Mongrafia},
  year = {2009}
}

@INPROCEEDINGS{Gevers2003,
author              = {Gevers, M.},
title               = {A personal view on the development of system identification},
subtitle            = {},
booktitle  					= {13º IFAC Symposium on System Identification},
year 		      			= {2003},
address   		 			= {Rottherdam},  
publisher  					= {Preprints},
volume 							= {},
pages 							= {773--784}
}

@ARTICLE{ANDERSEN1992,
author	  = {Andersen, H. W. and Kummel, M.},
title			= {Evaluation estimation of gain directionality - Part 2},
subtitle  = {a case study of binary distillation},
journal   = {Journal of Process Control},
year			= {1992},
volume 		= {},
pages			= {67--86}
}

@INPROCEEDINGS{JACOBSEN1994,
author              = {Jacobsen, E.W.},
title               = {Identification for control of strongly interactive plants},
subtitle            = {},
booktitle  					= {AIChE Annual Meeting},
year 		      			= {1994},
address   		 			= {San Franciso-CA},  
publisher  					= {AIChE},
volume 							= {},
pages 							= {}
}

@ARTICLE{LI1996,
author 		= {Li, W. and Lee, J.H.},
title		  = {Frequency-domain closed-loop identification of multivariable systems for feedback control},
subtitle  = {},
journal 	= {AIChE Journal},
year 			= {1996},
volume 		= {},
pages 		= {2813--2827}
}


@THESIS{Alves2011,
  address = {São Paulo},
  author = {Alves, V. A. O.}, 
  pages = {},
  school = {USP},
  title = {Comparação de Métodos Diretos e de Dois-Passos na Identificação de Sistemas em Malha Fechada},
  type = {Tese},
  year = {2011}
}

@THESIS{Racoski2009,
  address = {Porto Alegre},
  author = {Racoski, B.}, 
  pages = {},
  school = {Universidade Federal do Rio Grande do Sul},
  title = {Viabilidade de aplicação de malhas virtuais na identificação de sistemas em malha fechada},
  type = {Dissertação},
  year = {2009}
}

@THESIS{Forssell1999,
  address 							= {Sweden},
  author 								= {Forssell, U.}, 
  pages 								= {},
  school 								= {Linkoping University},
  title 								= {Closed-Loop identifucation},
  subtitle            	= {Methods, theory, and aplications},
  type 									= {PhD Thesis},
  year 									= {1999}
}

@BOOK{monteiro2006,
author              = {Monteiro, L. H. A.},
title               = {Sistemas din\^amicos},
year                = {2006},
note                = { },
publisher           = {Editora Livraria da F\'isica},
address             = {S\~ao Paulo}
}

@ARTICLE{Aguirre1998,
author 		= {Aguirre, L. A. and Rodrigues, G. G. and Jácome, C. R. F.},
title		  = {Identificação de sistemas não-lineares utilizando modelos NARMAX polinomiais},
subtitle  = {Uma revisão e novos resultados},
journal 	= {Sba Controle \& Automação},
year 			= {1998},
volume 		= {},
pages 		= {90--106}
}

@INPROCEEDINGS{Mrabet2003,
author              = {Mrabet, M. and   Fnaiech, F. and   Chaari, A. and   Al-Haddad, K.},
title               = {Nonlinear predictive control based on NARX models with structure identification},
subtitle            = {},
booktitle  					= {IECON - 2002. 2002 28th Annual Conference of the IEEE Industrial Electronics Society},
year 		      			= {2003},
address   		 			= {Sevilla, Spain},  
publisher  					= {IEEE},
volume 							= {3},
pages 							= {1757 - 1762}
}

@INPROCEEDINGS{Akaike1973,
author              = {Akaike, H.},
title               = {Information theory as an extension of the maximum likelihood principle},
subtitle            = {},
booktitle  					= {Second International Symposium on Information Theory.},
year 		      			= {1973},
address   		 			= {Akademiai Kiado, Budapest},  
publisher  					= {B.N},
volume 							= {3},
pages 							= {267-281}
}

@ARTICLE{Yen1998,
author 		= {Yen, J. and Wang, L.},
title		  = {Application of statistical information criteria for optimal fuzzy model construction },
subtitle  = {},
journal 	= {IEEE Transactions on Fuzzy Systems},
year 			= {1998},
volume 		= {6},
pages 		= {362 - 372}
}

@INPROCEEDINGS{Seghouane2006,
author              = {Seghouane, A.},
title               = {Information theory as an extension of the maximum likelihood principle},
subtitle            = {},
booktitle  					= {Sensor Array and Multichannel Processing, 2006. Fourth IEEE Workshop on Sensor Array and Multi-channel Processing},
year 		      			= {2006},
address   		 			= {Waltham, Massachusetts, USA},  
publisher  					= {IEEE},
volume 							= {3},
pages 							= {430 - 434 }
}

@BOOK{Coelho2004,
author              = {Coelho, A. A. R. and Coelho, L. S},
title               = {Identificação de Sistemas din\^amicos Lineares},
year                = {2004},
note                = { },
publisher           = {UFSC},
address             = {Florian\'opolis}
}

@BOOK{LJUNG1983,
author              = {Ljung, L. and Söderström, T.},
title               = {Theory and Practice of Recursive Identification},
subtitle            = {},
year                = {1983},
publisher           = {MIT press},
volume 							= {},
address             = {Massachusetts, USA}
}

@BOOK{SANTOS2006,
author              = {Santos, J. D. and Silva, Z. C.},
title               = {Métodos Numéricos},
subtitle            = {},
year                = {2006},
publisher           = {UFPE},
volume 							= {},
address             = {Recife, Brasil},
pages								=	{224}
}

@BOOK{BAJPAI1978,
author              = {Bajpai, A. C. and Mustoe, L. R. and Walker, D.},
title               = {Métodos Numéricos},
subtitle            = {},
year                = {1978},
publisher           = {Hemus},
volume 							= {},
address             = {São Paulo, Brasil},
pages								=	{}
}

@INPROCEEDINGS{Kennedy1995,
author              = {Kennedy, J. and Eberhart, R. C.},
title               = {Particle Swarm Optimization},
subtitle            = {},
booktitle  					= {Proceedings Of the IEEE International Conference in Neural Networks},
year 		      			= {1995},
address   		 			= {Western Australia},  
publisher  					= {IEEE},
volume 							= {},
pages 							= {1942-1948 }
}

@BOOK{BAI2008,
author              = {Bai, L. and Coca, D.},
title               = {Predictive Control based on NARMAX Models},
subtitle            = {},
year                = {2008},
publisher           = {University Of Sheffield},
volume 							= {},
address             = {Sheffield},
pages								=	{}
}

@INPROCEEDINGS{SHI2007,
author              = {Shi, Y. and Sun, D. and Wang, Q. and Nian, S. and Xiang, L.},
title               = {A nonlinear predictive control based on least squares support vector machines NARX model},
subtitle            = {},
booktitle  					= {Proceedings Of The Sixth International Conference On Machine Learning And Cybernetics},
year 		      			= {2007},
address   		 			= {Hong Kong},  
publisher  					= {IEEE},
volume 							= {},
pages 							= {}
}

@INPROCEEDINGS{Yan2009,
author              = {Yan, Z. and Lei,H. and Gui-ling,W. and Peng,Y.},
title               = {Nonlinear Multi-step Predictive Control Based on Leaast Squares Surpport Vector Machine},
subtitle            = {},
booktitle  					= {Proceedings Of The Sixth International Conference On Machine Learning And Cybernetics},
year 		      			= {2009},
address   		 			= {Tianjian, China},  
publisher  					= {IEEE},
volume 							= {},
pages 							= {}
}



%%%%%%%%%%%%%%%%%%%%%%%%%%%%%%%%%%%%%%%%%%%%%%%%%%%%%%%%%%%%%%%%%%%%%%%%%%%%%%%%%%%%%%%%%%%%%%%%%%Tese





@BOOK{Nelles2001,
author              = {Nelles, O. },
title               = {Nonlinear system identification},
subtitle            = {From classical approaches to neural networks and fuzzy models},
year                = {2001},
publisher           = {Springer},
volume 							= {},
address             = {Verlag Berlin Heidelberg New York},
pages								=	{}
}

@inproceedings{Kennedy:95,
	author              = {Kennedy, J.  and Eberhart, R.C.},
	title               = {Particle swarm optimization},
	subtitle            = {},
	booktitle  					= {Proceedings of IEEE International Conference on Neural Networks},
	year 		      			= {1995},
	address   		 			= {Washington, DC, USA},  
	publisher  					= {IEEE},
	volume 							= {4},
	pages 							= {1942--1948}
}


@inproceedings{Shi:98,
	author     					={Shi, Y. and Eberhart, R.C.},
	title								={A modified particle swarm optimizer},
	subtitle            = {},
	booktitle						={Proceedings of IEEE International Conference on Evolutionary Computation},
	year								={1998},
	address							={Anchorage, Alaska},
	publisher  					= {IEEE},
	volume 							= {2},
	pages								={66--73}
}

@inproceedings{Shi:99,
	author     					={Shi, Y. and Eberhart, R.C.},
	title								={Empirical study of particle swarm optimization},
	subtitle            = {},
	booktitle						={Proceedings of IEEE International Conference on Evolutionary Computation},
	year								={1999},
	address							={EDS Indianapolis Technol. Center, Carmel, IN},
	publisher  					= {IEEE},
	volume 							= {3},
	pages								={1945--1950}
}

@article{Baiquan:12,
	author={Baiquan, L. and Gaiqin, G. and Zeyu, L.},
	title={The block diagram method for designing the particle swarm optimization algorithm},
	journal={Journal of Global Optimization},
	year={2012},
	volume={52},
	number={4},
	pages={689--710},
	publisher={Springer Netherlands}
}

@article{Shi:11,
	author={Shi, Y. and Liu, H.  and Gao, L.  and Zhang, G.},
	title={Cellular particle swarm optimization},
	journal={Information Sciences, Special Issue on Interpretable Fuzzy Systems},
	year={2011},
	volume={181},
	number={20},
	pages={4460--4493}
}

@inproceedings{Arruda2011,
	author     					={Arruda, L. V. R.  and Isfer, L. A. D.  and Lopes, H. S. },
	title								={IDENTIFICAçãO DE PARâMETROS POR ENXAME DE PARTíCULAS ATRAVéS DO COMPROMISSO ENTRE VARIâNCIA E POLARIZAçãO},
	subtitle            = {},
	booktitle						={X SBAI - Simpósio Brasileiro de Automação Inteligente},
	year								={2011},
	address							={São João del-Rei - MG - Brasil},
	publisher  					= {SBAI},
	volume 							= {X},
	pages								={}
}

@inproceedings{Dantas2011,
	author     					={Dantas, A. F. de A.  and Linhares, L. L. da S.  and Pinto, J. E. M. G.  and AraÚjo, F. M. U. de  and Maitelli, A. L. },
	title								={EVALUATION AND OPTIMIZATION OF THREE-PHASE SEPARATOR VESSEL CONTROLLED BY PI CONTROLS APPLYING PARTICLE SWARM OPTMIZATION},
	subtitle            = {},
	booktitle						={10th Portuguese Conference on Automatic Control - CONTROLO'12},
	year								={2012},
	address							={Funchal, Madeira Island},
	publisher  					= {CONTROLO'12},
	volume 							= {},
	pages								={}
}


@article{Song2007,
	author     					={Song, Y.  and Chen, Z.  and Yuan, Z. },
	title								={New Chaotic PSO-Based Neural Network Predictive Control for Nonlinear Process},
	journal							={IEEE TRANSACTIONS ON NEURAL NETWORKS},
	year								={2007},
	volume							={18},
	number							={2},
	pages								={595--600}
}

@BOOK{Zhu2001,
author              = {Zhu, Y.},
title               = {Multivariable System Identification for Process Control},
subtitle            = {},
year                = {2001},
publisher           = {Elsevier Science \& Technology Books},
address             = {Eindhoven}
}

@BOOK{LJUNG1987,
author              = {Ljung, L.},
title               = {System identification},
subtitle            = {Theory for the user},
year                = {1987},
publisher           = {Prentice Hall},
volume 							= {},
address             = {Upper Saddle River, NJ}
}

@BOOK{Corriou2004,
author              = {Corriou, J. P.},
title               = {Process Control: Theory and Applications},
subtitle            = {},
year                = {2004},
publisher           = {Springer-Verlag London Berlin },
volume 							= {},
address             = {London, UK}
}

@BOOK{Ruscio1995,
author              = {Ruscio, D. D. },
title               = {SUBSPACE SYSTEM IDENTIFICATION},
subtitle            = {Theory and applications},
year                = {1995},
publisher           = {Telemark Institute of Technology},
volume 							= {},
address             = {Porsgrunn, Norway}
}

@BOOK{Astom1995,
author              = {Åström, K. J. and Hägglund, T.},
title               = {PID Controllers},
subtitle            = {Theory, Design, and Tunning},
year                = {1999},
note                = { },
publisher           = {Instrument Society of America},
address             = {United States of America}
}

@BOOK{Dorf2009,
author              = {Dorf, R. C. },
title               = {Sistemas de Controle Moderno},
subtitle            = {},
year                = {2009},
volume 							= {11},
publisher           = {LTC},
address             = {Brasil}
}

@article{Ziegler1942,
author              = {Ziegler, J.G. and Nichols, N. B. and Rochester, N. Y.},
title               = {Optimum Settings for Automatic Controllers},
subtitle            = {},
journal             = {Transactions of the ASME},
year                = {1942},
volume 							= {},
publisher           = {ASME},
address             = {}
}

@article{Astom1988,
author              = {Åström, K. J. and Hägglund, T.},
title               = {Automatic Tuning of Pid Controllers},
subtitle            = {},
journal             = {ISA},
year                = {1988},
volume 							= {},
publisher           = {Research Triangle Park},
address             = {NC }
}

@article{Hang2002,
author              = {Hang, C.C. and Åström, K. J. and Wang, Q.G. },
title               = {Relay Feedback Auto-Tuning of Process Controllers},
subtitle            = {A Tutorial Review},
journal             = {Journal of Process Control},
year                = {2002},
volume 							= {12},
publisher           = {Elsevier},
address             = {},
pages								= {143--162}
}

@article{HAGGLUND1991,
author              = {Hägglund, T. and Åström, K. J.},
title               = {Industrial Adaptive Controllers  Based on Frequency Response Techniques},
subtitle            = {},
journal             = {Automatica},
year                = {1991},
volume 							= {17},
publisher           = {Elsevier},
address             = {},
pages								= {599--609}
}

@inproceedings{ettaleb1998,
	author     					={Ettaleb, L. and Dumontl, G. A.  and Davies, M. S.},
	title								={An Extended off-line Least-Squares Method for Parameter Identification and Time Delay Estimation},
	subtitle            = {},
	booktitle						={Conference on Decision \& Control},
	year								={1998},
	address							={Tampa, Florida USA},
	publisher  					= {IEEE},
	volume 							= {37th},
	pages								={3423--3428}
}

@article{Yam1997,
author              = {Yam, J. Y. F. and Chow, T. W. S.},
title               = {Extended least squares based algorithm for training feedforward networks},
subtitle            = {},
journal             = { IEEE Transactions on Neural Networks},
year                = {1997},
volume 							= {8},
publisher           = {IEEE},
address             = {},
pages								= {806--810 }
}

@inproceedings{Wenxiao2007,
	author     					={Wenxiao, Z.},
	title								={Identification for Hammerstein Systems Using Extended Least Squares Algorithm},
	subtitle            = {},
	booktitle						={Chinese Control Conference},
	year								={2007},
	address							={Zhangjiajie, Hunan, China},
	publisher  					= {IEEE},
	volume 							= {26th},
	pages								={241--245}
}

@article{Cohen1995,
author              = {Cohen, E. R. and Tuninsky, V. S.},
title               = {The Extended-Least-Squares Treatment of Correlated Data},
subtitle            = {},
journal             = {IEEE TRANSACTIONS ON INSTRUMENTATION AND MEASUREMENT},
year                = {1995},
volume 							= {44},
publisher           = {IEEE},
address             = {},
pages								= {475--478 }
}

@article{Aguirre1995a,
author              = {Aguirre, L.A. and Billings, S.A.},
title               = {Dynamical effects of over parametrization in nonlinear models},
subtitle            = {},
journal             = {PHYSICA D},
year                = {1995a},
volume 							= {80},
publisher           = {ELSEVIER},
address             = {},
pages								= {26--40}
}

@article{Ding2011,
author              = {Ding, J. and Ding, F.},
title               = {Bias compensation-based parameter estimation for output error moving average systems},
subtitle            = {},
journal             = {INTERNATIONAL JOURNAL OF ADAPTIVE CONTROL AND SIGNAL PROCESSING},
year                = {2011},
volume 							= {25},
publisher           = {Wiley Online Library},
address             = {},
pages								= {1100--1111}
}

@article{LINDOFF1999,
author              = {Lindoff, B. AND Holst, J.},
title               = {CONVERGENCE ANALYSIS OF THE RLS IDENTIFICATION ALGORITHM WITH EXPONENTIAL FORGETTING IN STATIONARY ARX-STRUCTURES},
subtitle            = {},
journal             = {INTERNATIONAL JOURNAL OF ADAPTIVE CONTROL AND SIGNAL PROCESSING},
year                = {1999},
volume 							= {13},
publisher           = {Wiley Online Library},
address             = {},
pages								= {1--22}
}

@article{Mahata2007,
author              = {Kaushik Mahata},
title               = {An improved bias-compensation approach for errors-in-variables model identification},
subtitle            = {},
journal             = {Automatica},
year                = {2007},
volume 							= {8},
publisher           = {ScienceDirect},
address             = {},
pages								= {1339--1354}
}

@article{Soderstrom2005,
author              = {Söderström, T. and Hong, M. and Zheng, W. X.},
title               = {Convergence properties of bias-eliminating algorithms for errors-in-variables identification},
subtitle            = {},
journal             = {INTERNATIONAL JOURNAL OF ADAPTIVE CONTROL AND SIGNAL PROCESSING},
year                = {2005},
volume 							= {19},
publisher           = {Wiley Online Library},
address             = {},
pages								= {703--722}
}

@article{Ding2006,
author              = {Ding, F. and Chen, T. and Qiu, L.},
title               = {Bias Compensation Based Recursive Least-Squares Identification Algorithm for MISO Systems},
subtitle            = {},
journal             = {IEEE TRANSACTIONS ON CIRCUITS AND SYSTEMS},
year                = {1999},
volume 							= {53},
publisher           = {IEEE},
address             = {},
pages								= {349--353}
}

@article{Zhang2011,
author              = {Zhang, Y. and Cui, G.},
title               = {Bias compensation methods for stochastic systems with colored noise},
subtitle            = {},
journal             = {Applied Mathematical Modelling},
year                = {2011},
volume 							= {35},
publisher           = {ELSERVIER},
address             = {},
pages								= {1709--1716}
}

@article{Huang2002,
author              = {Huang, K. S. and Wu, Q. H. and Turner, D. R.},
title               = {Effective Identification of Induction Motor Parameters Based on Fewer Measurements},
subtitle            = {},
journal             = {IEEE TRANSACTIONS ON ENERGY CONVERSION},
year                = {2002},
volume 							= {17},
publisher           = {IEEE},
address             = {},
pages								= {55--60}
}

@inproceedings{Bishop1990,
	author     					={Bishop, R. R. and Richards, G. G.},
	title								={Identifying induction machine parameters using a genetic optimization algorithm },
	subtitle            = {},
	booktitle						={Southeastcon 1990},
	year								={1990},
	address							={Piscataway, NJ},
	publisher  					= {IEEE},
	volume 							= {2},
	pages								={476--479}
}

@inproceedings{Kampisios2008,
	author     					={Kampisios, K. and Zanchetta, P. and Gerada, C. and Trentin, A. },
	title								={Identification of Induction Machine Electrical Parameters Using Genetic Algorithms Optimization},
	subtitle            = {},
	booktitle						={Industry Applications Society Annual Meeting},
	year								={2008},
	address							={Edmonton, Alberta,Canadá },
	publisher  					= {IEEE},
	volume 							= {8},
	pages								={1--7}
}

@inproceedings{Mansouri2011,
	author     					={Mansouri, A. and Krim, F.},
	title								={Genetic Algorithms Based Parameters Identification of Induction Machine ARMAX Model},
	subtitle            = {},
	booktitle						={The 5th International Power Engineering and Optimization Conference(PEOCO2011)},
	year								={2011},
	address							={Shah Alam, Selangor, Malaysia},
	publisher  					= {IEEE},
	volume 							= {5},
	pages								={182--189}
}

@inproceedings{Chen2008,
	author     					={Chen, Z. and Zhong, Y. and Li, J.},
	title								={Parameter identification of induction motors using Ant Colony Optimization },
	subtitle            = {},
	booktitle						={Evolutionary Computation, 2008},
	year								={2008},
	address							={Hong Kong, China},
	publisher  					= {IEEE},
	volume 							= {},
	pages								={1611--1616 }
}

@inproceedings{Zhou2004,
	author     					={Zhou, X. and Cheng, H.},
	title								={ The induction motor parameter estimation through an adaptive genetic algorithm },
	subtitle            = {},
	booktitle						={Universities Power Engineering Conference},
	year								={2004},
	address							={Hong Kong, China},
	publisher  					= {IEEE},
	volume 							= {39},
	pages								={494--498}
}

@article{Huynh2010,
author              = {Huynh, D. C. and Dunnigan, M. W.},
title               = {Parameter estimation of an induction machine using advanced particle swarm optimization algorithms},
subtitle            = {},
journal             = {IET Electric Power Applications},
year                = {2010},
volume 							= {4},
publisher           = {IEEE},
address             = {},
pages								= {748--760}
}

@inproceedings{Najjarzadeh2008,
	author     					={Najjarzadeh, M. and Ayatollahi, A.},
	title								={A Comparison between Genetic Algorithm and PSO for Linear Phase FIR Digital Filter Design},
	subtitle            = {},
	booktitle						={ICSP},
	year								={2008},
	address							={Beijing, China},
	publisher  					= {IEEE},
	volume 							= {9},
	pages								={2134--2137 }
}

@inproceedings{Tang2008,
	author     					={Tang, H. and Zhang, W. and Fan, C. and Xue, S. },
	title								={Parameter estimation using a CLPSO strategy },
	subtitle            = {},
	booktitle						={CEC},
	year								={2008},
	address							={Washington, DC, USA},
	publisher  					= {IEEE},
	volume 							= {},
	pages								={70--74}
}

@inproceedings{Khosla2007,
	author     					={Khosla, A. and Kumar, S. and Ghosh, K.R. },
	title								={A Comparison of Computational Efforts between Particle Swarm Optimization and Genetic Algorithm for Identification of Fuzzy Models },
	subtitle            = {},
	booktitle						={NAFIPS},
	year								={2007},
	address							={San Diego, California, USA},
	publisher  					= {IEEE},
	volume 							= {},
	pages								={245--250 }
}

@article{Heppner1990,
	author     					={Heppner, F. and U. Grenander},
	title								={A stochastic nonlinear model for coordinated bird flocks.},
	subtitle            = {},
	booktitle						={ },
	year								={1990},
	address							={Washington, DC, USA},
	publisher  					= {In: S . Krasner, Ed., The Ubiquity of Chaos. AAAS Publications},
	volume 							= {},
	pages								={}
}

@inproceedings{Reynolds1987,
	author     					={Reynolds, C. W.},
	title								={Flocks, herds and schools: a distributed behavioral model},
	subtitle            = {},
	booktitle						={Computer Graphic},
	year								={2007},
	address							={},
	publisher  					= {},
	volume 							= {21},
	pages								={25--34}
}

@inproceedings{Millonas1994,
	author     					={Millonas, M. M.},
	title								={Swarms, phase transitions, and collective intelligence},
	subtitle            = {},
	booktitle						={C. G. Langton, Ed., Artificial Life III},
	year								={1994},
	address							={MA},
	publisher  					= {Addison Wesley},
	volume 							= {},
	pages								={}
}

@inproceedings{Robinson2002,
	author     					={Robinson, J. and Sinton, S. and Rahmat-Samii, Y. },
	title								={Particle swarm, genetic algorithm, and their hybrids: optimization of a profiled corrugated horn antenna},
	subtitle            = {},
	booktitle						={Antennas and Propagation Society International Symposium},
	year								={1994},
	address							={Texas, USA},
	publisher  					= {IEEE},
	volume 							= {1},
	pages								={314--317 }
}

@inproceedings{Sierakowski2005,
	author     					={Sierakowski, C. A.; Coelho, L. S.},
	title								={Study of Two Swarm Intelligence Techniques for Path Planning of Mobile Robots},
	subtitle            = {},
	booktitle						={IFAC World Congress},
	year								={2005},
	address							={Prague, República Checa},
	publisher  					= {},
	volume 							= {},
	pages								={}
}

@inproceedings{Fukuyama2001,
	author     					={Fukuyama, Y. and H.A. Yoshida},
	title								={A particle swarm optimization for reactive power and voltage control in electric power systems},
	subtitle            = {},
	booktitle						={Proceedings of the Congress on Evolutionary Computation},
	year								={2001},
	address							={Seoul, Korea},
	publisher  					= {},
	volume 							= {1},
	pages								={87--93}
}

@article{Serapiao2009,
	author     					={SerapiÃo, A. B. S.},
	title								={FUNDAMENTOS DE OTIMIZAÇÃO POR INTELIGÊNCIA DE ENXAMES: UMA VISÃO GERAL},
	journal							={Revista Controle \& Automação},
	year								={2009},
	volume							={20},
	number							={3},
	pages								={271--304}
}

@BOOK{Kennedy2001,
author              = {Kennedy, J. F. and Eberhart, R. C. and Shi, Y.},
title               = {Swarm Inteligence},
subtitle            = {},
year                = {2001},
note                = { },
publisher           = {Academic Press},
address             = {United States of America}
}

@article{Malik2007,
author              = {Malik, R. F. and Rahman, T. A. and Hashim, S. Z. M and Ngah, R.},
title               = {New Particle Swarm Optimizer with Sigmoid Increasing Inertia Weight},
subtitle            = {},
journal             = {The International Journal of Computer Science and Security (IJCSS)},
year                = {2007},
volume 							= {1},
publisher           = {},
address             = {},
pages								= {43--52}
}

@inproceedings{ZHENG2012,
	author     					={Zheng, J. and Zhang, G. and Zuo, H.},
	title								={HYBRID LINEAR AND NONLINEAR WEIGHT PARTICLE SWARM OPTIMIZATION ALGORITHM},
	subtitle            = {},
	booktitle						={International Conference on Machine Learning and Cybernetics},
	year								={2012},
	address							={Xian, China},
	publisher  					= {IEEE},
	volume 							= {1},
	pages								={1237--1241}
}

@article{Clerc2002,
author              = {Clerc, M. and Kennedy, J.},
title               = {The Particle Swarm-Explosion, Stability, and Convergence in a Multidimensional Complex Space},
subtitle            = {},
journal             = {IEEE TRANSACTIONS ON EVOLUTIONARY COMPUTATION},
year                = {2002},
volume 							= {6},
publisher           = {IEEE},
address             = {},
pages								= {58--73}
}

@inproceedings{Emara2004,
	author     					={Emara, H. M.  and Fattah, H. A. A.},
	title								={Continuous Swarm Optimization Technique with Stability Analysis},
	subtitle            = {},
	booktitle						={American Control Conference},
	year								={2004},
	address							={Boston, MassachUsen8},
	publisher  					= {IEEE},
	volume 							= {},
	pages								={2811--2817}
}

@inproceedings{Bhattacharya2008,
	author     					={Bhattacharya, S.  and Konar, A. and Nagar, A.},
	title								={A Lyapunov-based Extension to PSO dynamics for Continuous Function Optimization},
	subtitle            = {},
	booktitle						={Second UKSIM - European Symposium on Computer Modeling and Simulation},
	year								={2008},
	address							={Liverpool, England},
	publisher  					= {IEEE},
	volume 							= {},
	pages								={28--33}
}

@article{Zhan2009,
author              = {Zhan, Z. H. and Zhang, J. and Li, Y and Chung, H. S. H.},
title               = {Adaptive Particle Swarm Optimization},
subtitle            = {},
journal             = {IEEE TRANSACTIONS ON SYSTEMS, MAN, AND CYBERNETICS},
year                = {2009},
volume 							= {39},
publisher           = {IEEE},
address             = {},
pages								= {1362--1381}
}

@inproceedings{Ueno2005,
	author     					={Ueno, G. and Yasuda, K. and Iwasaki, N. },
	title								={Robust adaptive particle swarm optimization},
	subtitle            = {},
	booktitle						={International Conference on Systems, Man and Cybernetics},
	year								={2005},
	address							={Hawaii, USA},
	publisher  					= {IEEE},
	volume 							= {4},
	pages								={3915--3920}
}

@inproceedings{Zeng2010,
	author     					={Zeng, G. end Jiang, Y.},
	title								={A Modified PSO Algorithm With Line Search},
	subtitle            = {},
	booktitle						={International Conference on Computational Intelligence and Software Engineering (CiSE)},
	year								={2010},
	address							={Wuhan, China},
	publisher  					= {IEEE},
	volume 							= {},
	pages								={1--4}
}

@inproceedings{Lu2008,
	author     					={Lu, L. and Luo, Q. and Liu, J. y. and Long, C.},
	title								={ An improved particle swarm optimization algorithm},
	subtitle            = {},
	booktitle						={International Conference on Granular Computing},
	year								={2008},
	address							={Hangzhou, China},
	publisher  					= {IEEE},
	volume 							= {},
	pages								={486--490}
}

@inproceedings{Sharifi2012,
	author     					={Sharifi, A. and Noroozi, V. and Bashiri, M. and Hashemi, A. B. and Meybodi, M. R.},
	title								={Two Phased Cellular PSO },
	subtitle            = {A New Collaborative Cellular Algorithm for Optimization in Dynamic Environments},
	booktitle						={World Congress on Computational Intelligence},
	year								={2012},
	address							={Brisbane, Australia},
	publisher  					= {IEEE},
	volume 							= {},
	pages								={1--8}
}

@article{Chen2007,
author              = {Chen, X. and Li, Y.},
title               = {A Modified PSO Structure Resulting in High Exploration Ability with Convergence Guaranteed},
subtitle            = {},
journal             = {IEEE TRANSACTIONS ON SYSTEMS, MAN, AND CYBERNETICS},
year                = {2007},
volume 							= {37},
publisher           = {IEEE},
address             = {},
pages								= {1271--1289}
}

@article{Mendes2004,
author              = {Mendes, R. and Kennedy, J. and  Neves, J.},
title               = {The Fully Informed Particle Swarm: Simpler, Maybe Better},
subtitle            = {},
journal             = {IEEE TRANSACTIONS ON EVOLUTIONARY COMPUTATION},
year                = {2004},
volume 							= {8},
publisher           = {IEEE},
address             = {},
pages								= {204--210}
}

@BOOK{Monteiro2002,
author              = {Monteiro, L. H. A.},
title               = {Sistemas Dinâmicos},
subtitle            = {},
year                = {2002},
note                = { },
publisher           = {Editora Livraria da Física},
address             = {Brasil}
}

@article{Kadirkamanathan2006,
author              = {Kadirkamanathan, V. and Selvarajah, K.  and Fleming, P. J. },
title               = {Stability Analysis of the Particle Dynamics in Particle Swarm Optimizer},
subtitle            = {},
journal             = {IEEE TRANSACTIONS ON EVOLUTIONARY COMPUTATION},
year                = {2006},
volume 							= {10},
publisher           = {IEEE},
address             = {},
pages								= {245--255}
}

@inproceedings{Chakraborty2010,
	author     					={Chakraborty, P. and Das, S. and Abraham, A. and Snasel, V. and Roy, G.G. },
	title								={On convergence of multi-objective Particle Swarm Optimizers},
	subtitle            = {},
	booktitle						={IEEE Congress	 on Evolutionary Computation},
	year								={2010},
	address							={Barcelona, Spain},
	publisher  					= {},
	volume 							= {},
	pages								={1--8}
}

@inproceedings{Fan2010,
	author     					={Fan, W. and Cui, Z. and Chen, Y. and Tan, Y. },
	title								={Nonlinear Time-Varying Stability Analysis of Particle Swarm Optimization},
	subtitle            = {},
	booktitle						={International Conference on Computational Aspects of Social Networks},
	year								={2010},
	address							={Taiyuan, China},
	publisher  					= {},
	volume 							= {},
	pages								={3--6}
}

@inproceedings{Barijough2010,
	author     					={Barijough, S. M. and Lee, J. W.},
	title								={On Stability Characterization of Discrete-time Piecewise Linear Systems},
	subtitle            = {},
	booktitle						={American Control Conference},
	year								={2010},
	address							={Marriott Waterfront, Baltimore, MD, USA},
	publisher  					= {},
	volume 							= {},
	pages								={916--921}
}

@inproceedings{Kantner1997,
	author     					={Kantner,M.},
	title								={Robust Stability of Piecewise Linear Discrete Time Systems},
	subtitle            = {},
	booktitle						={American Control Conference},
	year								={1997},
	address							={Albuquerque, New Mexico},
	publisher  					= {},
	volume 							= {},
	pages								={1241--1245}
}

@BOOK{Jamshidi2002,
author              = {Jamshidi, M. and Krohling, R. A. and Coelho, L. S. and Fleming, P. J.},
title               = {Robust Control Systems with Genetic Algorithms},
subtitle            = {},
year                = {2002},
note                = { },
publisher           = {CRC Press LLC},
address             = {Florida}
}

@BOOK{Landau2006,
author              = {Landau, I. D.  and Zito, G.},
title               = {Digital Control Systems},
subtitle            = {Design, Identification and Implementation},
year                = {2006},
note                = { },
publisher           = {Springer-Verlag},
address             = {London}
}

@article{Negm2006,
author              = {Negm, M. M. M. and Bakhashwain, J. M. and Shwehd,  M. H.},
title               = {Speed Control of a Three-Phase Induction Motor Based on Robust Optimal Preview Control Theory},
subtitle            = {},
journal             = {IEEE TRANSACTIONS ON ENERGY CONVERSION},
year                = {2006},
volume 							= {21},
publisher           = {IEEE},
address             = {},
pages								= {77--84}
}

@article{Duchaine2007,
author              = {Duchaine, V. and Bouchard, S. and Gosselin, C. M. },
title               = {Computationally Efficient Predictive Robot Control},
subtitle            = {},
journal             = {IEEE/ASME TRANSACTIONS ON MECHATRONICS},
year                = {2007},
volume 							= {12},
publisher           = {IEEE/ASME},
address             = {},
pages								= {570--578}
}

@inproceedings{Cheng2004,
	author              = {Cheng, F. S. and Zhao, L.},
	title               = {The Design of a Control System Testbed for a 2-DOF Robot },
	subtitle            = {},
	booktitle						={International Symposium on Computer Aided Control Systems Design },
	year								={2004},
	address							={Taipei, Taiwan},
	publisher  					= {IEEE},
	volume 							= {},
	pages								={202--207}
}

@article{Lin2011,
author              = {Lin, C. M. and Lin,M. H. and Chen, C. W. },
title               = {SoPC-Based Adaptive PID Control System Design for Magnetic Levitation System},
subtitle            = {},
journal             = {IEEE SYSTEMS JOURNAL},
year                = {2011},
volume 							= {5},
publisher           = {IEEE},
address             = {},
pages								= {278--287}
}

@article{Sourkounis2012,
author              = {Sourkounis, C.},
title               = {PID-State Torque Control in Electromechanical Drive Systems Under Stochastic Load},
subtitle            = {},
journal             = {IEEE TRANSACTIONS ON INDUSTRY APPLICATIONS},
year                = {2012},
volume 							= {48},
publisher           = {IEEE},
address             = {},
pages								= {20--27}
}

@article{Marchetti2008,
author              = {Marchetti, G. and Barolo, M. and Jovanovic, L. and Zisser, H. and Seborg, D. E. },
title               = {An Improved PID Switching Control Strategy for Type 1 Diabetes},
subtitle            = {},
journal             = {IEEE TRANSACTIONS ON BIOMEDICAL ENGINEERING},
year                = {2008},
volume 							= {55},
publisher           = {IEEE},
address             = {},
pages								= {857--865}
}

@article{Wang2012,
author              = {Wang, H.  and Yu, Y.},
title               = {Dynamic Modeling of PID Temperature Controller in a Tunable Laser Module and Wavelength Transients of the Controlled Laser},
subtitle            = {},
journal             = {IEEE JOURNAL OF QUANTUM ELECTRONICS},
year                = {2012},
volume 							= {48},
publisher           = {IEEE},
address             = {},
pages								= {1424--1431}
}

@article{Han2009,
author              = {Han, J.},
title               = {From PID to Active Disturbance Rejection Control},
subtitle            = {},
journal             = {IEEE TRANSACTIONS ON INDUSTRIAL ELECTRONICS},
year                = {2009},
volume 							= {56},
publisher           = {IEEE},
address             = {},
pages								= {900--906}
}

@article{Su2010,
author              = {Su, Y. and Müller, P. C. and Zheng, C.},
title               = {Global Asymptotic Saturated PID Control for Robot Manipulators},
subtitle            = {},
journal             = {IEEE TRANSACTIONS ON INDUSTRIAL ELECTRONICS},
year                = {2009},
volume 							= {56},
publisher           = {IEEE},
address             = {},
pages								= {900--906}
}

@article{Kim2010,
author              = {Kim, K. and Rao, P. and Burnworth, J. A.},
title               = {Self-Tuning of the PID Controller for a Digital Excitation Control System},
subtitle            = {},
journal             = {IEEE TRANSACTIONS ON CONTROL SYSTEMS TECHNOLOGY},
year                = {2010},
volume 							= {46},
publisher           = {IEEE},
address             = {},
pages								= {1518--1524}
}

@article{Yamamoto2009,
author              = {Yamamoto, T. and Takao, K. and Yamada, T.},
title               = {Design of a Data-Driven PID Controller},
subtitle            = {},
journal             = {IEEE TRANSACTIONS ON CONTROL SYSTEMS TECHNOLOGY},
year                = {2009},
volume 							= {17},
publisher           = {IEEE},
address             = {},
pages								= {29--39}
}

@inproceedings{Mahfouf1992,
	author              = {Mahfouf, M. and Linkens, D.A. and Asbury, A.J. and Gray, W.M. and Peacock, J.E.},
	title               = {Generalised predictive control (GPC) in the operating theatre},
	subtitle            = {},
	booktitle						={IEE Proceedings D, Control Theory and Applications},
	year								={1992},
	address							={},
	publisher  					= {IEEE},
	volume 							= {},
	pages								={404--420}
}

@article{Unbehauen2000,
author              = {Unbehauen, H. D. },
title               = {Adaptive dual control systems: a survey},
subtitle            = {},
journal             = {Adaptive Systems for Signal Processing, Communications, and Control Symposium},
year                = {2000},
volume 							= {17},
publisher           = {IEEE},
address             = {Lake Louise, Alberta, Canada},
pages								= {	171--180 }
}

@article{Chang2010,
author              = {Chang, Y. L.  and Tsai, C. C.},
title               = {Adaptive generalised predictive temperature control for air conditioning systems},
subtitle            = {},
journal             = {IET Control Theory and Applications},
year                = {2010},
volume 							= {5},
publisher           = {IEEE},
address             = {},
pages								= {813--822}
}

@article{Juang2008,
author              = {Juang, J. G.  and Huang, M. T. and Liu,  W. K.},
title               = {PID Control Using Presearched Genetic Algorithms for a MIMO System},
subtitle            = {},
journal             = {IEEE TRANSACTIONS ON SYSTEMS, MAN, AND CYBERNETICS},
year                = {2008},
volume 							= {38},
publisher           = {IEEE},
address             = {},
pages								= {716--727}
}

@article{Li2007,
author              = {Li, C. Y. and Jing, W. X.},
title               = {Fuzzy PID controller for 2D differential geometric guidance and control problem},
subtitle            = {},
journal             = {IET Control Theory and Applications},
year                = {2007},
volume 							= {1},
publisher           = {IEEE},
address             = {},
pages								= {564--571}
}

@article{Rubaai2008,
author              = {Rubaai, A.  and Sitiriche, M. J. C. and Ofoli,A. R.},
title               = {Design and Implementation of Parallel Fuzzy PID Controller for High-Performance Brushless Motor Drives: An Integrated Environment for Rapid Control Prototyping},
subtitle            = {},
journal             = {IEEE TRANSACTIONS ON INDUSTRY APPLICATIONS},
year                = {2008},
volume 							= {44},
publisher           = {IEEE},
address             = {},
pages								= {1090--1098}
}

@article{Wai2011,
author              = {Wai, R. J. and Lee, J. D. and Chuang,  K. L.},
title               = {Real-Time PID Control Strategy for Maglev Transportation System via Particle Swarm Optimization},
subtitle            = {},
journal             = {IEEE TRANSACTIONS ON INDUSTRY APPLICATIONS},
year                = {2011},
volume 							= {58},
publisher           = {IEEE},
address             = {},
pages								= {629--646}
}

@article{Cong2009,
author              = {Cong, S.  and Liang, Y.},
title               = {PID-Like Neural Network Nonlinear Adaptive Control for Uncertain Multivariable Motion Control Systems},
subtitle            = {},
journal             = {IEEE TRANSACTIONS ON INDUSTRIAL ELECTRONICS},
year                = {2009},
volume 							= {56},
publisher           = {IEEE},
address             = {},
pages								= {3872--3879}
}

@article{Astrom1984,
author              = {Åström, K.J. and Hägglund, T.},
title               = {Automatic tuning of simple controllers with specification on phase and amplitude margins},
subtitle            = {},
journal             = {Automatica},
year                = {1984},
volume 							= {20},
publisher           = {},
address             = {},
pages								= {645--651}
}

@THESIS{Santana2007,
address 						= {Campinas},
author 							= {Santana, E. S. de }, 
pages 							= {},
school 							= {Universidade Estadual de Campinas},
title 							= {Algoritmo Preditivo Baseado em Modelo Aplicado ao Controle de Velocidade do Motor de Indução},
type 								= {Tese},
year 								= {2007}
}

@inproceedings{Duwaish2001,
	author              = {Al-Duwaish, H. and Naeem, W.},
	title               = {Nonlinear Model Predictive Control of Hammerstein and Wiener Models Using Genetic Algorithms},
	subtitle            = {},
	booktitle						={IEEE International Conference on Control Applications},
	year								={2001},
	address							={},
	publisher  					= {IEEE},
	volume 							= {},
	pages								={465--469}
}

@inproceedings{Su2009,
	author              = {Su, C. and Wu, Y.},
	title               = {Adaptive neural network predictive control based on PSO algorithm},
	subtitle            = {},
	booktitle						={IEEE International Conference on Control Applications},
	year								={2009},
	address							={},
	publisher  					= {IEEE},
	volume 							= {},
	pages								={5829--5833}
}

@article{Shin1998,
author              = {Shin, S. C. C. and Park, S. B. },
title               = {GA-based predictive control for nonlinear processes},
subtitle            = {},
journal             = {Electronics Letters},
year                = {1998},
volume 							= {34},
publisher           = {},
address             = {},
pages								= {1980--1981}
}

@inproceedings{Han2012,
	author              = {Han, J. and Wang, Peng  and Yang, Xin},
	title               = {Tuning of PID Controller Based on Fruit Fly Optimization Algorithm},
	subtitle            = {},
	booktitle						={International Conference on Mechatronics and Automation},
	year								={2012},
	address							={},
	publisher  					= {IEEE},
	volume 							= {},
	pages								={409--413}
}

@inproceedings{Huidang2010,
	author              = {Huidang, Z.  and Yubo, T.},
	title               = {PID Parameters Tuning Method by Particle Swarm Optimization with Chaotic Disturbance},
	subtitle            = {},
	booktitle						={Second International Conference on MultiMedia and Information Technology},
	year								={2010},
	address							={},
	publisher  					= {IEEE},
	volume 							= {},
	pages								={39--42}
}

@inproceedings{Oi2008,
	author              = {Oi, A. and Nakazawa, C. and Matsui, T. and Fujiwara, H. and Matsumoto, K. and Nishida, H. and Ando, J. and Kawaura, M.},
	title               = {Development of PSO-based PID Tuning Method},
	subtitle            = {},
	booktitle						={International Conference on Control, Automation and Systems},
	year								={2008},
	address							={},
	publisher  					= {IEEE},
	volume 							= {},
	pages								={1917--1920}
}

@inproceedings{Varol2004,
	author              = {Varol, H. A. and Bingul, Z.},
	title               = {A New PID Tuning Technique Using Ant Algorithm},
	subtitle            = {},
	booktitle						={Proceeding of the 2004 American Control Conference},
	year								={2004},
	address							={Boston, Massachusetts},
	publisher  					= {IEEE},
	volume 							= {},
	pages								={2154--2159}
}

@inproceedings{Nagara2010,
	author              = {Nagara, B. and Murugananth, N.},
	title               = {A Comparative Study of PID Controller Thning Using GA, EP, PSO and ACO},
	subtitle            = {},
	booktitle						={International Conference on Communication Control and Computing Technologies },
	year								={2010},
	address							={},
	publisher  					= {IEEE},
	volume 							= {},
	pages								={305--313}
}

@inproceedings{Ota1996,
	author              = {Ota, T. and Omatu, S.},
	title               = {Tuning of the PID Control Gains by GA},
	subtitle            = {},
	booktitle						={International Conference on Emerging Technologies and Factory Automation},
	year								={1996},
	address							={},
	publisher  					= {IEEE},
	volume 							= {},
	pages								={272--274}
}

@article{Arruda2003,
author              = {Arruda, G. H. M. and Barros, P. R.},
title               = {Relay-based closed loop transfer function frequency points estimation},
subtitle            = {},
journal             = {Automatica},
year                = {2003},
volume 							= {39},
publisher           = {Science Direct},
address             = {},
pages								= {309--315}
}

@article{Arruda20032,
author              = {Arruda, G. H. M. and Barros, P. R.},
title               = {Relay-Based Gain and Phase Margins PI Controller Design},
subtitle            = {},
journal             = {IEEE TRANSACTIONS ON INSTRUMENTATION AND MEASUREMENT},
year                = {2003},
volume 							= {52},
publisher           = {IEEE},
address             = {},
pages								= {1548--1553}
}

@article{Astrom2001,
author              = {Åström, K.J. and Hägglund, T.},
title               = {The future of PID control},
subtitle            = {},
journal             = {Control Engineering Practice},
year                = {2003},
volume 							= {9},
publisher           = {Elsevier},
address             = {},
pages								= {1163--1175}
}

@article{Astrom2004,
author              = {Åström, K.J. and Hägglund, T.},
title               = {Revisiting the Ziegler-Nichols step response method for PID control},
subtitle            = {},
journal             = {Journal of Process Control},
year                = {2004},
volume 							= {9},
publisher           = {Science Direct},
address             = {},
pages								= {635--650}
}

@article{Wang1997,
author              = {Wang, Q. G. and Hang, C. C. and Zou, Biao},
title               = {Low-Order Modeling from Relay Feedback},
subtitle            = {},
journal             = {Industrial and Engineering Chemistry Research},
year                = {1997},
volume 							= {36},
publisher           = {},
address             = {},
pages								= {375--381}
}

@article{BI1997,
author              = {Bi, Q. and Wang, Q. G.  and Hang, C. C.},
title               = {Relay-based Estimation of Multiple Points on Process Frequency Response},
subtitle            = {},
journal             = {Automatica},
year                = {1997},
volume 							= {33},
publisher           = {Elsevier},
address             = {},
pages								= {1753--1757}
}

@article{Wang1999,
author              = {Wang, L. and  Desarmo, M.L. and Cluett, W.R.},
title               = {Real-time estimation of process frequency response and step response from relay feedback experiments},
subtitle            = {},
journal             = {Automatica},
year                = {1999},
volume 							= {35},
publisher           = {Elsevier},
address             = {},
pages								= {1427--1436}
}

@inproceedings{Arruda2000,
	author              = {Arruda, G. H. M.  and Barros, P. R.},
	title               = {Relay Based Closed Loop Transfer Function Estimation},
	subtitle            = {},
	booktitle						={American Control Conference},
	year								={2000},
	address							={Chicago, Illinois},
	publisher  					= {IEEE},
	volume 							= {},
	pages								={1812--1816}
}

@article{Astrom20042,
author              = {Hägglund, T. and Åström, K. J.},
title               = {REVISITING THE ZIEGLER-NICHOLS TUNING RULES FOR PI CONTROL},
subtitle            = {PART II THE FREQUENCY RESPONSE METHOD},
journal             = {Asian Journal of Control},
year                = {2004},
volume 							= {35},
publisher           = {},
address             = {},
pages								= {469--482}
}

@BOOK{Campos2006,
author              = {Campos, M. C. M. M. de and Teixeira, H. C. G.},
title               = {Controles Típicos de Equipamentos e Processos Industriais},
subtitle            = {},
year                = {2006},
note                = { },
publisher           = {Edgard Blücher},
address             = {São Paulo}
}


@BOOK{Heij2007,
author              = {Heij C. and Ran, A. and Schagen, F. V. },
title               = {Introduction to Mathematical Systems Theory},
subtitle            = {Linear Systems, Identification and Control},
year                = {2007},
note                = { },
publisher           = {Birkhäuser Verlag},
address             = {Basel, Boston, Berlin}
}

@THESIS{Meleiro2002,
  address  					= {Campinas},
  author  					= {Meleiro, L. A. C.}, 
  pages  						= {125},
  school  					= {Universidade Estadual de Campinas},
  title  						= {Projeto e Aplicação de Controladores Baseados em Modelos Lineares, Neurais e Nebulosos},
  type  						= {Tese (Engenharia Química)},
  year  						= {2002}
}

@inproceedings{Rohrs1982,
author              = {Rohrs, C. E. and Valavani, L. and  Athans, M. and Stein, G.},
title               = {ROBUSTNESS OF ADAPTIVE CONTROL ALGORITHMS IN THE PRESENCE OF UNMODELED DYNAM},
subtitle            = {},
booktitle						= {Conference on Decision and Control},
year                = {1982},
volume 							= {21},
publisher           = {IEEE},
address             = {},
pages								= {3--11}
}

@article{Campello2007,
author              = {Campello, R. J. G. B. and Oliveira, G. H. C. and Amaral, W. C.},
title               = {Identificação e controle de processos via desenvolvimentos em séries ortonormais. Parte A},
subtitle            = {identificação},
journal             = {Controle \& Automação},
year                = {2007},
volume 							= {18},
publisher           = {},
address             = {},
pages								= {}
}

@THESIS{Freitas2001,
  address  					= {Belo Horizonte},
  author  					= {Freitas, U. S.}, 
  pages  						= {75},
  school  					= {Universidade Federal de Minas Gerais	},
  title  						= {Uso de Técnicas de Detecção de Estrutura na Identificação de Modelos Dinâmicos Contínuos Não Lineares Polinomiais},
  type  						= {Dissertação (Engenharia Elétrica)},
  year  						= {2001}
}

@THESIS{Oliveira2007,
  address  					= {Natal},
  author  					= {Oliveira, J. B.}, 
  pages  						= {171},
  school  					= {Universidade Federal do Rio Grande do Norte},
  title  						= {Estabilidade e Robustez de um Controlador Adaptativo Indireto por Modelo de Referência e Estrutura Variável},
  type  						= {Tese (Engenharia Elétrica)},
  year  						= {2002}
}

@BOOK{Hsia1977,
author              = {Hsia, T. C.},
title               = {System Identification},
subtitle            = {},
year                = {1977},
note                = { },
publisher           = {Lexington Books},
address             = {Toronto}
}

@article{HANLON2011,
author              = {HANLON, B. and WANG, N. and EGERSTEDT, M. and MARTIN, C.},
title               = {SWITCHED LINEAR SYSTEMS},
subtitle            = {STABILITY AND THE CONVERGENCE OF RANDOM PRODUCTS},
journal             = {COMMUNICATIONS IN INFORMATION AND SYSTEMS},
year                = {2011},
volume 							= {11},
publisher           = {International Press},
address             = {},
pages								= {327-342}
}